<?xml version="1.0" encoding="UTF-8" ?>
<collection xmlns:xsi="http://www.w3.org/2001/XMLSchema-instance" xsi:schemaLocation="http://www.loc.gov/MARC21/slim http://www.loc.gov/standards/marcxml/schema/MARC21slim.xsd" xmlns="http://www.loc.gov/MARC21/slim">
   <record>
      <leader>     mam a22      a 4500</leader>
      <controlfield tag="001">1926481</controlfield>
      <controlfield tag="003">NIC</controlfield>
      <controlfield tag="005">20141128205518.0</controlfield>
      <controlfield tag="008">870127s1955    ua abh   b    000 0 ara d</controlfield>
      <datafield tag="035" ind1=" " ind2=" ">
         <subfield code="a">(NIC)notisAJZ0246</subfield>
      </datafield>
      <datafield tag="035" ind1=" " ind2=" ">
         <subfield code="a">(OCoLC)64025444</subfield>
      </datafield>
      <datafield tag="035" ind1=" " ind2=" ">
         <subfield code="a">1926481</subfield>
      </datafield>
      <datafield tag="040" ind1=" " ind2=" ">
         <subfield code="a">PU</subfield>
         <subfield code="c">PSt</subfield>
         <subfield code="d">NIC</subfield>
      </datafield>
      <datafield tag="043" ind1=" " ind2=" ">
         <subfield code="a">e-sp---</subfield>
      </datafield>
      <datafield tag="090" ind1=" " ind2=" ">
         <subfield code="a">DP115</subfield>
         <subfield code="b">.A23</subfield>
      </datafield>
      <datafield tag="100" ind1="0" ind2=" ">
         <subfield code="a">ʻAbd Allāh ibn Buluqqīn,</subfield>
         <subfield code="c">King of Granada,</subfield>
         <subfield code="d">1056-?</subfield>
      </datafield>
      <datafield tag="245" ind1="1" ind2="0">
         <subfield code="a">Mudhakkirāt al-Amīr ʻAbd Allāh Ākhir mulūk Banī Zīrī bi-Gharnāṭah, (469-483) :</subfield>
         <subfield code="b">al-musammāh bi-Kitāb &quot;al-Tibyān&quot; /</subfield>
         <subfield code="c">nashr wa-taḥqīq ʻan al-nuskhah al-waḥīdah al-maḥfūẓah bi-Jamiʻ al-Qarawīyīn bi-Fās Ī. Līvī Brūvinsāl.</subfield>
      </datafield>
      <datafield tag="260" ind1=" " ind2=" ">
         <subfield code="c">[1955].</subfield>
      </datafield>
      <datafield tag="300" ind1=" " ind2=" ">
         <subfield code="a">228, 6 p. :</subfield>
         <subfield code="b">ill., facsim., fold map.,</subfield>
         <subfield code="c">25 cm.</subfield>
      </datafield>
      <datafield tag="500" ind1=" " ind2=" ">
         <subfield code="a">Added t.p. in French: Les &quot;Mémoires&quot; de ʻAbd Allah dernier roi ziride de Grenade.</subfield>
      </datafield>
      <datafield tag="651" ind1=" " ind2="0">
         <subfield code="a">Granada (Spain : Reino)</subfield>
         <subfield code="x">History</subfield>
         <subfield code="x">Sources.</subfield>
      </datafield>
      <datafield tag="651" ind1=" " ind2="7">
         <subfield code="a">Spain</subfield>
         <subfield code="z">Granada (Reino)</subfield>
         <subfield code="2">fast</subfield>
         <subfield code="0">(OCoLC)fst01341070</subfield>
      </datafield>
      <datafield tag="655" ind1=" " ind2="7">
         <subfield code="a">History</subfield>
         <subfield code="2">fast</subfield>
         <subfield code="0">(OCoLC)fst01411628</subfield>
      </datafield>
      <datafield tag="655" ind1=" " ind2="7">
         <subfield code="a">Sources</subfield>
         <subfield code="2">fast</subfield>
         <subfield code="0">(OCoLC)fst01423900</subfield>
      </datafield>
      <datafield tag="700" ind1="1" ind2=" ">
         <subfield code="a">Lévi-Provençal, Évariste,</subfield>
         <subfield code="d">1894-1956.</subfield>
      </datafield>
      <datafield tag="740" ind1="0" ind2=" ">
         <subfield code="a">Tibyān.</subfield>
      </datafield>
      <datafield tag="740" ind1="0" ind2=" ">
         <subfield code="a">&quot;Mémoires&quot; de ʻAbd Allah dernier roi ziride de Grenade.</subfield>
      </datafield>
      <datafield tag="740" ind1="0" ind2=" ">
         <subfield code="a">Mudhakkarāt al-Amīr ʻAbd Allāh Ākhir mulūk Nanī Zīrī bi-Gharnāỵah.</subfield>
      </datafield>
      <datafield tag="905" ind1=" " ind2=" ">
         <subfield code="a">19910816120000.0</subfield>
      </datafield>
      <datafield tag="948" ind1="2" ind2=" ">
         <subfield code="a">20141128</subfield>
         <subfield code="b">m</subfield>
         <subfield code="d">batch</subfield>
         <subfield code="e">lts</subfield>
         <subfield code="x">addfast</subfield>
      </datafield>
      <datafield tag="903" ind1=" " ind2=" ">
         <subfield code="a">NYUACO</subfield>
         <subfield code="d">20150423</subfield>
         <subfield code="p">31924060302316</subfield>
      </datafield>
      <datafield tag="950" ind1=" " ind2=" ">
         <subfield code="a">DP115</subfield>
         <subfield code="b">.A129</subfield>
         <subfield code="v"> </subfield>
      </datafield>
   </record>
</collection>
